@article{Bloom,
  author          = {Burton H. Bloom},
  journal         = {Communications of the ACM},
  number          = {7},
  title           = {Space-time trade-offs in hash coding with allowable errors},
  volume          = {13},
  pages           = {422-426},
  year            = {1970}
}

@article{Putze,
  author          = {Felix Putze Peter Sanders Johannes Singler},
  journal         = {Journal of Experimental Algorithmics (JEA)},
  volume          = {14},
  title           = {Cache-, hash-, and space-efficient Bloom filters},
  year            = {2010}
}

@article{bigTable,
  author          = {Patrick O'Neil Edward Cheng Dieter Gawlick Elizabeth O'Neil},
  journal         = {Acta Informatica},
  number          = {4},
  title           = {The log-structured merge-tree (lsm-tree)},
  volume          = {33},
  pages           = {351-385},
  year            = {1996}
}

@article{MapReduce,
  author          = {Jeffrey Dean Sanjay Ghemawat},
  journal         = {Commun. ACM},
  number          = {1},
  title           = { MapReduce: Simplified data processing on large clusters},
  volume          = {51},
  pages           = {107-113},
  year            = {2008}
}

@article{Mercator,
  author          = {Allan Heydon Marc Najork},
  journal         = {World Wide Web},
  title           = {Mercator: A scalable, extensible web crawler},
  pages           = {219-229},
  year            = {December 1999}
}

@article{google,
  author          = {Gurmeet Singh Manku Arvind Jain Anish Das Sarma},
  journal         = {In Proceedings of the 16th international conference on World Wide Web},
  title           = {Detecting near-duplicates for web crawling},
  pages           = {141-150},
  year            = {2007}
}

@article{SimHash,
  author          = {Moses Charikar},
  journal         = {In STOC},
  title           = {Similarity estimation techniques from rounding algorithms},
  pages           = {380-388},
  year            = {2002}
}
